@misc{NodeJS_In_Flames,
  title = {{Node.js in Flames}},
  author = {Chris Saint-Amant},
  howpublished = "\url{http://techblog.netflix.com/2014/11/nodejs-in-flames.html}",
  note = "[Online; Zugriff am 22. MÃ¤rz 2017]"
}
@book{NodeJS_In_Action,
  title = {Node.js in action},
  author = {Cantelon, Mike and Harter, Marc and Holowaychuk, T.J. and Rajlich, Nathan},
  address = {Shelter Island},
  publisher = {Manning},
  year = {2014},
}
